%CNRTL
@book{cnrtl,
title = {\uppercase{C}entre \uppercase{N}ational de \uppercase{R}essources \uppercase{T}extuelles et \uppercase{L}exicales (\uppercase{CNRTL}), \textit{http://www.cnrtl.fr}},
year = {2005},
publisher = {CNRS}
}

% Analyse du déclin du conte et de son rôle dans la société, référençant benjamin1991gesammelte
@article{nouss2003conteur,
  title={Le conteur comme traducteur},
  author={Nouss, Alexis},
  journal={Litt{\'e}rature orale: paroles vivantes et mouvantes, Centre de recherche et d’{\'e}tudes anthropologiques, Presses universitaires de Lyon},
  pages={297--306},
  year={2003}
}

% Analyse plus profonde du conte, en allemand
@book{benjamin1991gesammelte,
  title={Gesammelte Schriften},
  author={Benjamin, Walter},
  year={1991},
  publisher={Giuseppe Castrovilli}
}

% 
@article{cristofari2010lecteur,
  title={Lecteur, acteur: la culture populaire revisit{\'e}e par les fanfictions et les jeux de r{\^o}le},
  author={Cristofari, C{\'e}cile},
  journal={TRANS-. Revue de litt{\'e}rature g{\'e}n{\'e}rale et compar{\'e}e},
  number={9},
  year={2010},
  publisher={Presses Sorbonne Nouvelle}
}

% 
@book{caira2007jeux,
  title={Jeux de r{\^o}le: les forges de la fiction},
  author={Ca{\"\i}ra, Olivier and others},
  year={2007},
  publisher={CNRS}
}

% Freud, attention flottante
@incollection{freud1996ratschlage,
  title={Ratschl{\"a}ge f{\"u}r den Arzt bei der psychoanalytischen Behandlung},
  author={Freud, Sigmund},
  year={1996}
}

%Gilles Brougère
%Brian Sutton-Smith
%Jacques Henriot